<record><leader>00000cas a22000007a 4500</leader><controlfield tag="001">29785545</controlfield><controlfield tag="008">940210d1910191uokuwr ne      0    0eng d</controlfield><datafield ind1=" " ind2=" " tag="010"><subfield code="a">sn 94058759 </subfield></datafield><datafield ind1=" " ind2=" " tag="040"><subfield code="a">OBN</subfield><subfield code="b">eng</subfield><subfield code="c">OBN</subfield><subfield code="d">OCL</subfield><subfield code="d">OCLCQ</subfield></datafield><datafield ind1=" " ind2=" " tag="042"><subfield code="a">msc</subfield></datafield><datafield ind1="0" ind2="4" tag="245"><subfield code="a">The Ralston independent.</subfield></datafield><datafield ind1="3" ind2="0" tag="246"><subfield code="a">Independent</subfield></datafield><datafield ind1=" " ind2=" " tag="260"><subfield code="a">Ralston, Okla. :</subfield><subfield code="b">T.E. Bryant</subfield></datafield><datafield ind1=" " ind2=" " tag="300"><subfield code="a">v.</subfield></datafield><datafield ind1=" " ind2=" " tag="310"><subfield code="a">Weekly</subfield></datafield><datafield ind1="1" ind2=" " tag="362"><subfield code="a">Began Dec. 1, 1910.</subfield></datafield><datafield ind1=" " ind2=" " tag="588"><subfield code="a">Description based on: Vol. 6, no. 38 (Jan. 12, 1911).</subfield></datafield><datafield ind1=" " ind2="4" tag="651"><subfield code="a">Ralston (Okla.)</subfield><subfield code="v">Newspapers.</subfield></datafield><datafield ind1=" " ind2="4" tag="651"><subfield code="a">Pawnee County (Okla.)</subfield><subfield code="v">Newspapers.</subfield></datafield><datafield ind1=" " ind2=" " tag="752"><subfield code="a">United States</subfield><subfield code="b">Oklahoma</subfield><subfield code="c">Pawnee</subfield><subfield code="d">Ralston.</subfield></datafield><datafield ind1="0" ind2="0" tag="780"><subfield code="t">Ralston new era</subfield><subfield code="w">(DLC)sn 94058758</subfield><subfield code="w">(OCoLC)94058758</subfield><subfield code="w">(OCoLC)29785487</subfield></datafield><datafield ind1="1" ind2=" " tag="029"><subfield code="a">AU@</subfield><subfield code="b">000010884882</subfield></datafield></record>